%%%%% Introduction

@article{kinross2008human,
  title={The human gut microbiome: implications for future health care},
  author={Kinross, James M and von Roon, Alexander C and Holmes, Elaine and Darzi, Ara and Nicholson, Jeremy K},
  journal={Current gastroenterology reports},
  volume={10},
  number={4},
  pages={396--403},
  year={2008},
  publisher={Springer}
}

@article{mayer2015gut,
  title={Gut/brain axis and the microbiota},
  author={Mayer, Emeran A and Tillisch, Kirsten and Gupta, Arpana and others},
  journal={The Journal of clinical investigation},
  volume={125},
  number={3},
  pages={926--938},
  year={2015},
  publisher={Am Soc Clin Investig}
}

%%% GEE information
@article{liang1986longitudinal,
  title={Longitudinal data analysis using generalized linear models},
  author={Liang, Kung-Yee and Zeger, Scott L},
  journal={Biometrika},
  volume={73},
  number={1},
  pages={13--22},
  year={1986},
  publisher={Oxford University Press}
}






%%%%%%%%%% Main citations
@article{chen2020generalized,
  title={Generalized estimating equation modeling on correlated microbiome sequencing data with longitudinal measures},
  author={Chen, Bo and Xu, Wei},
  journal={PLoS computational biology},
  volume={16},
  number={9},
  pages={e1008108},
  year={2020},
  publisher={Public Library of Science}
}

@article{geepack,
    title = {The R Package geepack for Generalized Estimating Equations},
    author = {Ulrich Halekoh and Søren Højsgaard and Jun Yan},
    year = {2006},
    journal = {Journal of Statistical Software},
    volume = {15/2},
    pages = {1--11},
  }
