@Book{xie2015,
  title = {Dynamic Documents with {R} and knitr},
  author = {Yihui Xie},
  publisher = {Chapman and Hall/CRC},
  address = {Boca Raton, Florida},
  year = {2015},
  edition = {2nd},
  note = {ISBN 978-1498716963},
  url = {http://yihui.org/knitr/},
}


@article{chen2020,
  title={Generalized estimating equation modeling on correlated microbiome sequencing data with longitudinal measures},
  author={Chen, Bo and Xu, Wei},
  journal={PLoS computational biology},
  volume={16},
  number={9},
  pages={e1008108},
  year={2020},
  publisher={Public Library of Science}
}


@article{integrative2014,
  title={The Integrative Human Microbiome Project: dynamic analysis of microbiome-host omics profiles during periods of human health and disease},
  author={Integrative, HMP},
  journal={Cell host \& microbe},
  volume={16},
  number={3},
  pages={276--289},
  year={2014}
}

@article{lee2020,
  title={Bayesian variable selection for multivariate zero-inflated models: Application to microbiome count data},
  author={Lee, Kyu Ha and Coull, Brent A and Moscicki, Anna-Barbara and Paster, Bruce J and Starr, Jacqueline R},
  journal={Biostatistics},
  volume={21},
  number={3},
  pages={499--517},
  year={2020},
  publisher={Oxford University Press}
}

@article{zhang2018,
  title={Negative binomial mixed models for analyzing longitudinal microbiome data},
  author={Zhang, Xinyan and Pei, Yu-Fang and Zhang, Lei and Guo, Boyi and Pendegraft, Amanda H and Zhuang, Wenzhuo and Yi, Nengjun},
  journal={Frontiers in microbiology},
  volume={9},
  pages={1683},
  year={2018},
  publisher={Frontiers}
}

@article{zhang2020,
  title={Zero-Inflated gaussian mixed models for analyzing longitudinal microbiome data},
  author={Zhang, Xinyan and Guo, Boyi and Yi, Nengjun},
  journal={Plos one},
  volume={15},
  number={11},
  pages={e0242073},
  year={2020},
  publisher={Public Library of Science San Francisco, CA USA}
}
